@ARTICLE{pitt:shephard:1999,
  author = {Pitt, M. K. and Shephard, N.},
  title = {Filtering Via Simulation: Auxiliary Particle Filters},
  journal = {J. Am. Statist. Assoc.},
  year = {1999},
  volume = {94},
  pages = {590--599},
  number = {446}
}

@book{delmoral:2004,
  title = {{F}eynman-Kac {F}ormulae. {G}enealogical and Interacting Particle
    Systems with Applications},
  publisher = {Springer},
  year = {2004},
  author = {{Del Moral}, P.}
}
@article{ahmed2019improving,
  title={Improving Tree-LSTM with Tree Attention},
  author={Ahmed, Mahtab and Samee, Muhammad and Mercer, Robert},
  journal={arXiv preprint arXiv:1901.00066},
  year={2019}
}

@article{strub2017end,
  title={End-to-end optimization of goal-driven and visually grounded dialogue systems},
  author={Strub, Florian and De Vries, Harm and Mary, Jeremie and Piot, Bilal and Courville, Aaron and Pietquin, Olivier},
  journal={arXiv preprint arXiv:1703.05423},
  year={2017}
}

@article{simonyan2014very,
  title={Very deep convolutional networks for large-scale image recognition},
  author={Simonyan, Karen and Zisserman, Andrew},
  journal={arXiv preprint arXiv:1409.1556},
  year={2014}
}

@article{wiseman2016sequence,
  title={Sequence-to-sequence learning as beam-search optimization},
  author={Wiseman, Sam and Rush, Alexander M},
  journal={arXiv preprint arXiv:1606.02960},
  year={2016}
}

@inproceedings{negrinho2018learning,
  title={Learning Beam Search Policies via Imitation Learning},
  author={Negrinho, Renato and Gormley, Matthew and Gordon, Geoffrey J},
  booktitle={Advances in Neural Information Processing Systems},
  pages={10675--10684},
  year={2018}
}

@inproceedings{pennington2014glove,
  title={Glove: Global vectors for word representation},
  author={Pennington, Jeffrey and Socher, Richard and Manning, Christopher},
  booktitle={Proceedings of the 2014 conference on empirical methods in natural language processing (EMNLP)},
  pages={1532--1543},
  year={2014}
}
@article{mikolov2013efficient,
  title={Efficient estimation of word representations in vector space},
  author={Mikolov, Tomas and Chen, Kai and Corrado, Greg and Dean, Jeffrey},
  journal={arXiv preprint arXiv:1301.3781},
  year={2013}
}
@article{bahdanau2014neural,
  title={Neural machine translation by jointly learning to align and translate},
  author={Bahdanau, Dzmitry and Cho, Kyunghyun and Bengio, Yoshua},
  journal={arXiv preprint arXiv:1409.0473},
  year={2014}
}
@inproceedings{xu2015show,
  title={Show, attend and tell: Neural image caption generation with visual attention},
  author={Xu, Kelvin and Ba, Jimmy and Kiros, Ryan and Cho, Kyunghyun and Courville, Aaron and Salakhudinov, Ruslan and Zemel, Rich and Bengio, Yoshua},
  booktitle={International conference on machine learning},
  pages={2048--2057},
  year={2015}
}

@article{bellemare2017distributional,
  title={A distributional perspective on reinforcement learning},
  author={Bellemare, Marc G and Dabney, Will and Munos, R{\'e}mi},
  journal={arXiv:1707.06887},
  year={2017}
}

@inproceedings{zhang2018goal,
  title={Goal-oriented visual question generation via intermediate rewards},
  author={Zhang, Junjie and Wu, Qi and Shen, Chunhua and Zhang, Jian and Lu, Jianfeng and Van Den Hengel, Anton},
  booktitle={Proceedings of the European Conference on Computer Vision (ECCV)},
  pages={186--201},
  year={2018}
}

@article{mirowski:vlachos:2015,
author = {Mirowski, P. and Vlachos, A.}, 
title = {Dependency Recurrent Neural Language Models for Sentence Completion},
journal = {ArXiv:1507.01193},
volume={},
Number = {},
year={2015},
pages = {}
}

@article{socheral:2014,
author = {Socher, R. and Karpathy, A. and Le, Q.V. and Manning, C.D and Ng, A.Y.}, 
title = {Grounded Compositional Semantics
for Finding and Describing Images with Sentences},
journal = {Transactions of the Association for Computational Linguistics},
volume={2},
Number = {},
year={2014},
pages = {207-218}
}

@article{strubetal:2017,
author = {Strub, S. and de Vries, H. and Mary, J. and Piot, B. and Courville, A. and Pietquin, O.}, 
title = {End-to-end Optimization of Goal-driven and Visually Grounded Dialogue Systems},
journal = {Proceedings of the Twenty-Sixth International Joint Conference on Artificial Intelligence (IJCAI-17)},
volume={},
Number = {},
year={2017},
pages = {2765-2771}
}

@article{devriesetal:2017,
author = {de Vries, H. and Strub, S. and Chandar, S. and Pietquin, O. and Larochelle, H. and Courville, A.}, 
title = {GuessWhat?! Visual object discovery through multi-modal dialogue},
journal = {ArXiv:1611.08481},
volume={},
Number = {},
year={2017},
pages = {}
}

@article{li:2017,
author = {Li, Y.}, 
title = {Deep Reinforcement Learning: An Overview},
journal = {ArXiv:1701.07274},
volume={},
Number = {},
year={2017},
pages = {}
}

@article{schatzmann:weilhammer:stuttle:young:2006,
author = {Schatzmann, J. and Weilhammer, K. and  Stuttle, M.  and Young, S.}, 
title = {A survey of statistical user simulation techniques for reinforcement-learning of dialogue management strategies},
journal = {Knowl. Eng. Rev.},
volume={21},
Number = {2},
year={2006},
pages = {97-126}
}

@article{lemon:pietquin:2007,
author = {Lemon, O. and Pietquin, O.}, 
title = {Machine learning for spoken dialogue systems},
journal = {Proceedings of Interspeech},
volume={},
Number = {},
year={2007},
pages = {}
}

@article{williams:sweig:2016,
author = {Williams, J.D. and Zweig, G.}, 
title = {End-to-end {LSTM}-based dialog control optimized with supervised and reinforcement learning},
journal = {ArXiv:1606.01269},
volume={},
Number = {},
year={2016},
pages = {}
}

@article{youngetal:2018,
  title={Recent trends in deep learning based natural language processing},
  author={Young, T. and Hazarika, D. and Poria, S. and Cambria, E.},
  journal={{IEEE} Computational intelligenCe magazine},
  volume={13},
  number={3},
  pages={55--75},
  year={2018},
  publisher={IEEE}
}

@article{pengetal:2017,
  title={Composite task-completion dialogue policy learning via hierarchical deep reinforcement learning},
  author={Peng, B. and Li, X. and Li, L. and Gao, J. and Celikyilmaz, A. and Lee, S. and Wong, K.-F.},
  journal={arXiv:1704.03084},
  year={2017}
}

@inproceedings{dulacetal:2012,
  title={Fast reinforcement learning with large action sets using error-correcting output codes for MDP factorization},
  author={Dulac-Arnold, G. and Denoyer, L. and Preux, P. and Gallinari, P.},
  booktitle={Joint European Conference on Machine Learning and Knowledge Discovery in Databases},
  pages={180-194},
  year={2012}
}

@article{li:monroe:ritter:jurafsky:galley:gao:2016,
author = {Li, J. and Monroe,  W. and Ritter, A. and Jurafsky, D. and Galley, M. and Gao, J.}, 
title = {Deep Reinforcement Learning for Dialogue Generation},
journal = {Proceedings of the 2016 Conference on Empirical Methods in Natural Language Processing},
volume={},
Number = {},
year={2016},
pages = {1192-1202}
}

@article{dulacetal:2016,
author = {Dulac-Arnold, G. and Evans, R. and van Hasselt, H. and Sunehag, P. and  Lillicrap, T. and Hunt, J. and Mann, T. and  Weber, T. and Degris, T. and Coppin, B.}, 
title = {Deep Reinforcement Learning in Large Discrete Action Spaces},
journal = {ArXiv:1512.07679},
volume={},
Number = {},
year={2016},
pages = {}
}

@article{sunehagetal:2015,
  title={Deep reinforcement learning with attention for slate markov decision processes with high-dimensional states and actions},
  author={Sunehag, P. and Evans, R. and Dulac-Arnold, G. and Zwols, Y. and Visentin, D. and Coppin, B.},
  journal={arXiv:1512.01124},
  year={2015}
}

@InProceedings{fatemi:elasri:schulz:he:suleman:2016,
author = "Fatemi, M. and El Asri, L. and Schulz, H. and He, J. and Suleman, K.",
title = "Policy Networks with Two-Stage Training for Dialogue Systems",
booktitle = "Proceedings of the 17th Annual Meeting of the Special Interest Group on Discourse and Dialogue ",
year = "2016",
publisher = "Association for Computational Linguistics",
pages = "101--110",
location = "Los Angeles",
doi = "10.18653/v1/W16-3613",
url = "http://aclweb.org/anthology/W16-3613"
}

@article{das:kottur::moura:lee:batra:2017,
author = {Das, A. and Kottur, S. and Moura, J.M.F. and Lee, S. and Batra, D.}, 
title = {Deep Reinforcement Learning for Dialogue Generation},
journal = {2017 IEEE International Conference on Computer Vision},
volume={},
Number = {},
year={2017},
pages = {2970-2979}
}

@article{dhingra:li:li:gao:chen:ahmed:deng:2017,
author = {Dhingra, B. and Li, L. and Li, X. and Gao, J. and Chen, Y.-N. and Ahmed, F. and Deng, L.}, 
title = {Towards End-to-End Reinforcement Learning of
Dialogue Agents for Information Access},
journal = {Proceedings of the 55th Annual Meeting of the Association for Computational linguistics},
volume={},
Number = {},
year={2017},
pages = {}
}

@article{ma2019particle,
  title={Particle Filter Recurrent Neural Networks},
  author={Ma, Xiao and Karkus, Peter and Hsu, David and Lee, Wee Sun},
  journal={arXiv preprint arXiv:1905.12885},
  year={2019}
}

@inproceedings{Vaswani2017AttentionIA,
  title={Attention is All you Need},
  author={Ashish Vaswani and Noam Shazeer and Niki Parmar and Jakob Uszkoreit and Llion Jones and Aidan N. Gomez and Lukasz Kaiser and Illia Polosukhin},
  booktitle={NIPS},
  year={2017}
}

@inproceedings{Parikh2016ADA,
  title={A Decomposable Attention Model for Natural Language Inference},
  author={Ankur P. Parikh and Oscar T{\"a}ckstr{\"o}m and Dipanjan Das and Jakob Uszkoreit},
  booktitle={EMNLP},
  year={2016}
}

@inproceedings{Shaw2018SelfAttentionWR,
  title={Self-Attention with Relative Position Representations},
  author={Peter Shaw and Jakob Uszkoreit and Ashish Vaswani},
  booktitle={NAACL-HLT},
  year={2018}
}

@inproceedings{Hao2019ModelingRF,
  title={Modeling Recurrence for Transformer},
  author={Jie Hao and Xing Wang and Baosong Yang and Longyue Wang and Jinfeng Zhang and Zhaopeng Tu},
  booktitle={NAACL-HLT},
  year={2019}
}

@inproceedings{Dai2019TransformerXLAL,
  title={Transformer-XL: Attentive Language Models Beyond a Fixed-Length Context},
  author={Zihang Dai and Zhilin Yang and Yiming Yang and Jaime G. Carbonell and Quoc V. Le and Ruslan Salakhutdinov},
  booktitle={ACL},
  year={2019}
}

@article{Wang2019RTransformerRN,
  title={R-Transformer: Recurrent Neural Network Enhanced Transformer},
  author={Zhiwei Wang and Yao Ma and Zhiwei Liu and Jiliang Tang},
  journal={ArXiv},
  year={2019},
  volume={abs/1907.05572}
}

@inproceedings{Xu2019LeveragingLA,
  title={Leveraging Local and Global Patterns for Self-Attention Networks},
  author={Mingzhou Xu and Derek F. Wong and Baosong Yang and Yue Zhang and Lidia S. Chao},
  booktitle={ACL},
  year={2019}
}

@inproceedings{Yang2019ConvolutionalSN,
  title={Convolutional Self-Attention Networks},
  author={Baosong Yang and Longyue Wang and Derek F. Wong and Lidia S. Chao and Zhaopeng Tu},
  booktitle={NAACL-HLT},
  year={2019}
}

@article{Wu2019PayLA,
  title={Pay Less Attention with Lightweight and Dynamic Convolutions},
  author={Felix Wu and Angela Fan and Alexei Baevski and Yann Dauphin and Michael Auli},
  journal={ArXiv},
  year={2019},
  volume={abs/1901.10430}
}

@inproceedings{Li2019InformationAF,
  title={Information Aggregation for Multi-Head Attention with Routing-by-Agreement},
  author={Jun Yu Li and Baosong Yang and Zi-Yi Dou and Xing Wang and Michael R. Lyu and Zhaopeng Tu},
  booktitle={NAACL-HLT},
  year={2019}
}

@article{Tsai2019TransformerDA,
  title={Transformer Dissection: An Unified Understanding for Transformer's Attention via the Lens of Kernel},
  author={Yao-Hung Tsai and Shaojie Bai and Makoto Yamada and Louis-Philippe Morency and Ruslan Salakhutdinov},
  journal={ArXiv},
  year={2019},
  volume={abs/1908.11775}
}


@inproceedings{Yang2019AssessingTA,
  title={Assessing the Ability of Self-Attention Networks to Learn Word Order},
  author={Baosong Yang and Longyue Wang and Derek F. Wong and Lidia S. Chao and Zhaopeng Tu},
  booktitle={ACL},
  year={2019}
}

@article{Bahdanau2014NeuralMT,
  title={Neural Machine Translation by Jointly Learning to Align and Translate},
  author={Dzmitry Bahdanau and Kyunghyun Cho and Yoshua Bengio},
  journal={CoRR},
  year={2014},
  volume={abs/1409.0473}
}

@inproceedings{Xu2015ShowAA,
  title={Show, Attend and Tell: Neural Image Caption Generation with Visual Attention},
  author={Kelvin Xu and Jimmy Ba and Ryan Kiros and Kyunghyun Cho and Aaron C. Courville and Ruslan Salakhutdinov and Richard S. Zemel and Yoshua Bengio},
  booktitle={ICML},
  year={2015}
}

@inproceedings{Luong2015EffectiveAT,
  title={Effective Approaches to Attention-based Neural Machine Translation},
  author={Thang Luong and Hieu Pham and Christopher D. Manning},
  booktitle={EMNLP},
  year={2015}
}

@inproceedings{Cheng2016LongSM,
  title={Long Short-Term Memory-Networks for Machine Reading},
  author={Jianpeng Cheng and Li Dong and Mirella Lapata},
  booktitle={EMNLP},
  year={2016}
}

@article{weng2018attention,
  title   = "Attention? Attention!",
  author  = "Weng, Lilian",
  journal = "lilianweng.github.io/lil-log",
  year    = "2018",
  url     = "http://lilianweng.github.io/lil-log/2018/06/24/attention-attention.html"
}

@article{Xu2019GatedGS,
  title={Gated Group Self-Attention for Answer Selection},
  author={Dong Xu and Jianhui Ji and Haikuan Huang and Hongbo Deng and Wu-Jun Li},
  journal={ArXiv},
  year={2019},
  volume={abs/1905.10720}
}

@article{Zhu2019AnES,
  title={An Empirical Study of Spatial Attention Mechanisms in Deep Networks},
  author={Xizhou Zhu and Dazhi Cheng and Zheng Zhang and Stephen Lin and Jifeng Dai},
  journal={ArXiv},
  year={2019},
  volume={abs/1904.05873}
}

@inproceedings{Gangi2019AdaptingTT,
  title={Adapting Transformer to End-to-End Spoken Language Translation},
  author={Mattia Antonino Di Gangi and Matteo Negri and Marco Turchi},
  booktitle={INTERSPEECH 2019},
  year={2019}
}